<?xml version="1.0" encoding="UTF-8"?>
  <record xmlns="http://www.loc.gov/MARC21/slim" type="Authority">
    <leader>00000nz  a2200000nc 4500</leader>
    <controlfield tag="001">118588095</controlfield>
    <controlfield tag="003">DE-101</controlfield>
    <controlfield tag="005">20211129103430.0</controlfield>
    <controlfield tag="008">880701n||azznnaabn           | aaa    |c</controlfield>
    <datafield tag="024" ind1="7" ind2=" ">
      <subfield code="a">118588095</subfield>
      <subfield code="0">http://d-nb.info/gnd/118588095</subfield>
      <subfield code="2">gnd</subfield>
    </datafield>
    <datafield tag="035" ind1=" " ind2=" ">
      <subfield code="a">(DE-101)118588095</subfield>
    </datafield>
    <datafield tag="035" ind1=" " ind2=" ">
      <subfield code="a">(DE-588)118588095</subfield>
    </datafield>
    <datafield tag="035" ind1=" " ind2=" ">
      <subfield code="z">(DE-588)1134861664</subfield>
    </datafield>
    <datafield tag="035" ind1=" " ind2=" ">
      <subfield code="z">(DE-588)105708154X</subfield>
    </datafield>
    <datafield tag="035" ind1=" " ind2=" ">
      <subfield code="z">(DE-588)1045729469</subfield>
    </datafield>
    <datafield tag="035" ind1=" " ind2=" ">
      <subfield code="z">(DE-588)18587634X</subfield>
    </datafield>
    <datafield tag="035" ind1=" " ind2=" ">
      <subfield code="z">(DE-588a)18587634X</subfield>
      <subfield code="9">v:zg</subfield>
    </datafield>
    <datafield tag="035" ind1=" " ind2=" ">
      <subfield code="z">(DE-588)187198314</subfield>
    </datafield>
    <datafield tag="035" ind1=" " ind2=" ">
      <subfield code="z">(DE-588a)187198314</subfield>
      <subfield code="9">v:zg</subfield>
    </datafield>
    <datafield tag="035" ind1=" " ind2=" ">
      <subfield code="z">(DE-588)183338707</subfield>
    </datafield>
    <datafield tag="035" ind1=" " ind2=" ">
      <subfield code="z">(DE-588a)183338707</subfield>
      <subfield code="9">v:zg</subfield>
    </datafield>
    <datafield tag="035" ind1=" " ind2=" ">
      <subfield code="z">(DE-588a)118588095</subfield>
      <subfield code="9">v:zg</subfield>
    </datafield>
    <datafield tag="035" ind1=" " ind2=" ">
      <subfield code="z">(DE-588a)119774097</subfield>
    </datafield>
    <datafield tag="035" ind1=" " ind2=" ">
      <subfield code="z">(DE-588a)131297562</subfield>
    </datafield>
    <datafield tag="035" ind1=" " ind2=" ">
      <subfield code="z">(DE-588a)126561230</subfield>
    </datafield>
    <datafield tag="035" ind1=" " ind2=" ">
      <subfield code="z">(DE-588c)4042324-4</subfield>
      <subfield code="9">v:zg</subfield>
    </datafield>
    <datafield tag="040" ind1=" " ind2=" ">
      <subfield code="a">DE-101</subfield>
      <subfield code="c">DE-101</subfield>
      <subfield code="9">r:DE-384</subfield>
      <subfield code="b">ger</subfield>
      <subfield code="d">1250</subfield>
      <subfield code="e">rda</subfield>
    </datafield>
    <datafield tag="042" ind1=" " ind2=" ">
      <subfield code="a">gnd1</subfield>
    </datafield>
    <datafield tag="043" ind1=" " ind2=" ">
      <subfield code="c">XA-DE</subfield>
    </datafield>
    <datafield tag="065" ind1=" " ind2=" ">
      <subfield code="a">3.6p</subfield>
      <subfield code="2">sswd</subfield>
    </datafield>
    <datafield tag="065" ind1=" " ind2=" ">
      <subfield code="a">4.7p</subfield>
      <subfield code="2">sswd</subfield>
    </datafield>
    <datafield tag="075" ind1=" " ind2=" ">
      <subfield code="b">p</subfield>
      <subfield code="2">gndgen</subfield>
    </datafield>
    <datafield tag="075" ind1=" " ind2=" ">
      <subfield code="b">piz</subfield>
      <subfield code="2">gndspec</subfield>
    </datafield>
    <datafield tag="079" ind1=" " ind2=" ">
      <subfield code="a">g</subfield>
      <subfield code="q">d</subfield>
      <subfield code="q">f</subfield>
      <subfield code="q">n</subfield>
      <subfield code="q">s</subfield>
      <subfield code="q">z</subfield>
      <subfield code="u">v</subfield>
      <subfield code="u">w</subfield>
      <subfield code="u">k</subfield>
      <subfield code="u">z</subfield>
      <subfield code="u">o</subfield>
    </datafield>
    <datafield tag="100" ind1="0" ind2=" ">
      <subfield code="a">Nikolaus</subfield>
      <subfield code="c">von Kues, Kardinal</subfield>
      <subfield code="d">1401-1464</subfield>
    </datafield>
    <datafield tag="375" ind1=" " ind2=" ">
      <subfield code="a">1</subfield>
      <subfield code="2">iso5218</subfield>
    </datafield>
    <datafield tag="400" ind1="0" ind2=" ">
      <subfield code="9">L:fre</subfield>
      <subfield code="a">Nicolas</subfield>
      <subfield code="c">de Cues, cardinal</subfield>
      <subfield code="d">1401-1464</subfield>
      <subfield code="5">CH-GND</subfield>
    </datafield>
    <datafield tag="400" ind1="0" ind2=" ">
      <subfield code="9">L:eng</subfield>
      <subfield code="a">Nicholas</subfield>
      <subfield code="c">of Cusa, Cardinal</subfield>
      <subfield code="d">1401-1464</subfield>
      <subfield code="5">CH-GND</subfield>
    </datafield>
    <datafield tag="400" ind1="0" ind2=" ">
      <subfield code="a">Nicolaus</subfield>
      <subfield code="c">de Cusa, Kardinal</subfield>
      <subfield code="d">1401-1464</subfield>
    </datafield>
    <datafield tag="400" ind1="0" ind2=" ">
      <subfield code="a">Nicolaus</subfield>
      <subfield code="c">Cusanus, Kardinal</subfield>
      <subfield code="d">1401-1464</subfield>
    </datafield>
    <datafield tag="400" ind1="0" ind2=" ">
      <subfield code="a">Nikolaus</subfield>
      <subfield code="c">Cusanus, Kardinal</subfield>
      <subfield code="d">1401-1464</subfield>
    </datafield>
    <datafield tag="400" ind1="0" ind2=" ">
      <subfield code="a">Nikolaus</subfield>
      <subfield code="c">Brixen, Bischof, Kardinal</subfield>
      <subfield code="d">1401-1464</subfield>
    </datafield>
    <datafield tag="400" ind1="0" ind2=" ">
      <subfield code="a">Nicolaus</subfield>
      <subfield code="c">aus Kues, Kardinal</subfield>
      <subfield code="d">1401-1464</subfield>
      <subfield code="9">v:(VD-16)</subfield>
    </datafield>
    <datafield tag="400" ind1="0" ind2=" ">
      <subfield code="a">Nicolaus</subfield>
      <subfield code="c">von Kues, Kardinal</subfield>
      <subfield code="d">1401-1464</subfield>
    </datafield>
    <datafield tag="400" ind1="1" ind2=" ">
      <subfield code="a">Cusanus, Nikolaus</subfield>
      <subfield code="c">Kardinal</subfield>
      <subfield code="d">1401-1464</subfield>
    </datafield>
    <datafield tag="400" ind1="1" ind2=" ">
      <subfield code="a">Cues, Nicolaus &#152;von&#156;</subfield>
      <subfield code="c">Kardinal</subfield>
      <subfield code="d">1401-1464</subfield>
    </datafield>
    <datafield tag="400" ind1="1" ind2=" ">
      <subfield code="a">Cryftz, Nicolas</subfield>
      <subfield code="c">Kardinal</subfield>
      <subfield code="d">1401-1464</subfield>
    </datafield>
    <datafield tag="400" ind1="1" ind2=" ">
      <subfield code="a">Cues, Nicolas &#152;de&#156;</subfield>
      <subfield code="c">Kardinal</subfield>
      <subfield code="d">1401-1464</subfield>
    </datafield>
    <datafield tag="400" ind1="1" ind2=" ">
      <subfield code="a">Cues, Nikolaus &#152;von&#156;</subfield>
      <subfield code="c">Kardinal</subfield>
      <subfield code="d">1401-1464</subfield>
    </datafield>
    <datafield tag="400" ind1="1" ind2=" ">
      <subfield code="a">Cusa, Nicholas &#152;of&#156;</subfield>
      <subfield code="c">Kardinal</subfield>
      <subfield code="d">1401-1464</subfield>
    </datafield>
    <datafield tag="400" ind1="1" ind2=" ">
      <subfield code="a">Cusa, Nicolai &#152;de&#156;</subfield>
      <subfield code="c">Kardinal</subfield>
      <subfield code="d">1401-1464</subfield>
    </datafield>
    <datafield tag="400" ind1="1" ind2=" ">
      <subfield code="a">Cusa, Nikolaus &#152;von&#156;</subfield>
      <subfield code="c">Kardinal</subfield>
      <subfield code="d">1401-1464</subfield>
    </datafield>
    <datafield tag="400" ind1="1" ind2=" ">
      <subfield code="a">Cusa, Nicolaus &#152;von&#156;</subfield>
      <subfield code="c">Kardinal</subfield>
      <subfield code="d">1401-1464</subfield>
    </datafield>
    <datafield tag="400" ind1="1" ind2=" ">
      <subfield code="a">Cusano, Nicolò</subfield>
      <subfield code="c">Kardinal</subfield>
      <subfield code="d">1401-1464</subfield>
    </datafield>
    <datafield tag="400" ind1="1" ind2=" ">
      <subfield code="a">Cusano, Niccolò</subfield>
      <subfield code="c">Kardinal</subfield>
      <subfield code="d">1401-1464</subfield>
    </datafield>
    <datafield tag="400" ind1="1" ind2=" ">
      <subfield code="a">Cusano, Nicola</subfield>
      <subfield code="c">Kardinal</subfield>
      <subfield code="d">1401-1464</subfield>
    </datafield>
    <datafield tag="400" ind1="1" ind2=" ">
      <subfield code="a">Cusanus, Nicolaus</subfield>
      <subfield code="c">Kardinal</subfield>
      <subfield code="d">1401-1464</subfield>
    </datafield>
    <datafield tag="400" ind1="1" ind2=" ">
      <subfield code="a">Khrypffs, Nicolas</subfield>
      <subfield code="c">Kardinal</subfield>
      <subfield code="d">1401-1464</subfield>
    </datafield>
    <datafield tag="400" ind1="1" ind2=" ">
      <subfield code="a">Khrypffs, Nicolaus</subfield>
      <subfield code="c">Kardinal</subfield>
      <subfield code="d">1401-1464</subfield>
    </datafield>
    <datafield tag="400" ind1="1" ind2=" ">
      <subfield code="a">Koebs, Nicolas</subfield>
      <subfield code="c">Kardinal</subfield>
      <subfield code="d">1401-1464</subfield>
    </datafield>
    <datafield tag="400" ind1="1" ind2=" ">
      <subfield code="a">Krebs, Nikolaj</subfield>
      <subfield code="c">Kardinal</subfield>
      <subfield code="d">1401-1464</subfield>
    </datafield>
    <datafield tag="400" ind1="1" ind2=" ">
      <subfield code="a">Krebs, Nikolaus</subfield>
      <subfield code="c">Kardinal</subfield>
      <subfield code="d">1401-1464</subfield>
    </datafield>
    <datafield tag="400" ind1="1" ind2=" ">
      <subfield code="a">Kues, Nikolaus &#152;von&#156;</subfield>
      <subfield code="c">Kardinal</subfield>
      <subfield code="d">1401-1464</subfield>
    </datafield>
    <datafield tag="400" ind1="1" ind2=" ">
      <subfield code="a">Kusa, Nicolas</subfield>
      <subfield code="c">Kardinal</subfield>
      <subfield code="d">1401-1464</subfield>
    </datafield>
    <datafield tag="400" ind1="1" ind2=" ">
      <subfield code="a">Kuzanec, Nikolaj</subfield>
      <subfield code="c">Kardinal</subfield>
      <subfield code="d">1401-1464</subfield>
    </datafield>
    <datafield tag="400" ind1="1" ind2=" ">
      <subfield code="a">Kuzanskij, Nikolaj</subfield>
      <subfield code="c">Kardinal</subfield>
      <subfield code="d">1401-1464</subfield>
    </datafield>
    <datafield tag="400" ind1="0" ind2=" ">
      <subfield code="a">Niccolò</subfield>
      <subfield code="c">da Cusa, Kardinal</subfield>
      <subfield code="d">1401-1464</subfield>
    </datafield>
    <datafield tag="400" ind1="0" ind2=" ">
      <subfield code="a">Nicholas</subfield>
      <subfield code="c">de Cues, Kardinal</subfield>
      <subfield code="d">1401-1464</subfield>
    </datafield>
    <datafield tag="400" ind1="0" ind2=" ">
      <subfield code="a">Nicholas</subfield>
      <subfield code="c">de Cusa, Kardinal</subfield>
      <subfield code="d">1401-1464</subfield>
    </datafield>
    <datafield tag="400" ind1="0" ind2=" ">
      <subfield code="a">Nicholas</subfield>
      <subfield code="c">of Cusa, Kardinal</subfield>
      <subfield code="d">1401-1464</subfield>
    </datafield>
    <datafield tag="400" ind1="0" ind2=" ">
      <subfield code="a">Nicola</subfield>
      <subfield code="c">de Cusa, Kardinal</subfield>
      <subfield code="d">1401-1464</subfield>
    </datafield>
    <datafield tag="400" ind1="0" ind2=" ">
      <subfield code="a">Nicolaas</subfield>
      <subfield code="c">van Cues, Kardinal</subfield>
      <subfield code="d">1401-1464</subfield>
    </datafield>
    <datafield tag="400" ind1="0" ind2=" ">
      <subfield code="a">Nicolaas</subfield>
      <subfield code="c">van Cusa, Kardinal</subfield>
      <subfield code="d">1401-1464</subfield>
    </datafield>
    <datafield tag="400" ind1="0" ind2=" ">
      <subfield code="a">Nicolaas</subfield>
      <subfield code="c">van Kues, Kardinal</subfield>
      <subfield code="d">1401-1464</subfield>
    </datafield>
    <datafield tag="400" ind1="0" ind2=" ">
      <subfield code="a">Nicolai</subfield>
      <subfield code="c">de Cusa, Kardinal</subfield>
      <subfield code="d">1401-1464</subfield>
    </datafield>
    <datafield tag="400" ind1="0" ind2=" ">
      <subfield code="a">Nicolas</subfield>
      <subfield code="c">de Cues, Kardinal</subfield>
      <subfield code="d">1401-1464</subfield>
    </datafield>
    <datafield tag="400" ind1="0" ind2=" ">
      <subfield code="a">Nicolas</subfield>
      <subfield code="c">de Cuse, Kardinal</subfield>
      <subfield code="d">1401-1464</subfield>
    </datafield>
    <datafield tag="400" ind1="0" ind2=" ">
      <subfield code="a">Nicolas</subfield>
      <subfield code="c">Krebs de Cusa, Kardinal</subfield>
      <subfield code="d">1401-1464</subfield>
    </datafield>
    <datafield tag="400" ind1="0" ind2=" ">
      <subfield code="a">Nicolaus</subfield>
      <subfield code="c">Brixiensis, Kardinal</subfield>
      <subfield code="d">1401-1464</subfield>
    </datafield>
    <datafield tag="400" ind1="0" ind2=" ">
      <subfield code="a">Nicolaus</subfield>
      <subfield code="c">Chrypfts, Kardinal</subfield>
      <subfield code="d">1401-1464</subfield>
    </datafield>
    <datafield tag="400" ind1="0" ind2=" ">
      <subfield code="a">Nicolaus</subfield>
      <subfield code="c">Chrypftz, Kardinal</subfield>
      <subfield code="d">1401-1464</subfield>
    </datafield>
    <datafield tag="400" ind1="0" ind2=" ">
      <subfield code="a">Nicolaus</subfield>
      <subfield code="c">Criffts, Kardinal</subfield>
      <subfield code="d">1401-1464</subfield>
    </datafield>
    <datafield tag="400" ind1="0" ind2=" ">
      <subfield code="a">Nicolaus</subfield>
      <subfield code="c">Cryfts, Kardinal</subfield>
      <subfield code="d">1401-1464</subfield>
    </datafield>
    <datafield tag="400" ind1="0" ind2=" ">
      <subfield code="a">Nicola</subfield>
      <subfield code="c">Cusano, Kardinal</subfield>
      <subfield code="d">1401-1464</subfield>
    </datafield>
    <datafield tag="400" ind1="0" ind2=" ">
      <subfield code="a">Nicolaus</subfield>
      <subfield code="c">de Cues, Kardinal</subfield>
      <subfield code="d">1401-1464</subfield>
    </datafield>
    <datafield tag="400" ind1="0" ind2=" ">
      <subfield code="a">Nicolaus</subfield>
      <subfield code="c">Khryppfs, Kardinal</subfield>
      <subfield code="d">1401-1464</subfield>
    </datafield>
    <datafield tag="400" ind1="0" ind2=" ">
      <subfield code="a">Nicolaus</subfield>
      <subfield code="c">Krebs, Kardinal</subfield>
      <subfield code="d">1401-1464</subfield>
    </datafield>
    <datafield tag="400" ind1="0" ind2=" ">
      <subfield code="a">Nicolaus</subfield>
      <subfield code="c">Trevelirensis, Kardinal</subfield>
      <subfield code="d">1401-1464</subfield>
    </datafield>
    <datafield tag="400" ind1="0" ind2=" ">
      <subfield code="a">Nicolaus</subfield>
      <subfield code="c">Treverensis, Kardinal</subfield>
      <subfield code="d">1401-1464</subfield>
    </datafield>
    <datafield tag="400" ind1="0" ind2=" ">
      <subfield code="a">Nicolaus</subfield>
      <subfield code="c">von Cues, Kardinal</subfield>
      <subfield code="d">1401-1464</subfield>
    </datafield>
    <datafield tag="400" ind1="0" ind2=" ">
      <subfield code="a">Nicolaus</subfield>
      <subfield code="c">von Cusa, Kardinal</subfield>
      <subfield code="d">1401-1464</subfield>
    </datafield>
    <datafield tag="400" ind1="0" ind2=" ">
      <subfield code="a">Nikola</subfield>
      <subfield code="c">Kuzanski, Kardinal</subfield>
      <subfield code="d">1401-1464</subfield>
    </datafield>
    <datafield tag="400" ind1="0" ind2=" ">
      <subfield code="a">Nikolaj</subfield>
      <subfield code="c">Kuzanec, Kardinal</subfield>
      <subfield code="d">1401-1464</subfield>
    </datafield>
    <datafield tag="400" ind1="0" ind2=" ">
      <subfield code="a">Nikolaj</subfield>
      <subfield code="c">Kuzanskij, Kardinal</subfield>
      <subfield code="d">1401-1464</subfield>
    </datafield>
    <datafield tag="400" ind1="0" ind2=" ">
      <subfield code="a">Nikolaus</subfield>
      <subfield code="c">Krebs von Kues, Kardinal</subfield>
      <subfield code="d">1401-1464</subfield>
    </datafield>
    <datafield tag="400" ind1="0" ind2=" ">
      <subfield code="a">Nikolaus</subfield>
      <subfield code="c">von Cusa, Kardinal</subfield>
      <subfield code="d">1401-1464</subfield>
    </datafield>
    <datafield tag="400" ind1="0" ind2=" ">
      <subfield code="a">Nikolaus</subfield>
      <subfield code="c">von Kusa, Kardinal</subfield>
      <subfield code="d">1401-1464</subfield>
    </datafield>
    <datafield tag="400" ind1="0" ind2=" ">
      <subfield code="a">Nicolaus</subfield>
      <subfield code="c">Cusensis, Kardinal</subfield>
      <subfield code="d">1401-1464</subfield>
    </datafield>
    <datafield tag="400" ind1="0" ind2=" ">
      <subfield code="a">Nicolás</subfield>
      <subfield code="c">de Cusa, Kardinal</subfield>
      <subfield code="d">1401-1464</subfield>
    </datafield>
    <datafield tag="400" ind1="0" ind2=" ">
      <subfield code="a">Nicolás</subfield>
      <subfield code="c">de Cues, Kardinal</subfield>
      <subfield code="d">1401-1464</subfield>
    </datafield>
    <datafield tag="400" ind1="0" ind2=" ">
      <subfield code="a">Chrypffs</subfield>
      <subfield code="c">Kardinal</subfield>
      <subfield code="d">1401-1464</subfield>
    </datafield>
    <datafield tag="400" ind1="0" ind2=" ">
      <subfield code="a">Cusanus</subfield>
      <subfield code="c">Chrypffs, Kardinal</subfield>
      <subfield code="d">1401-1464</subfield>
    </datafield>
    <datafield tag="400" ind1="0" ind2=" ">
      <subfield code="a">Nikolaus</subfield>
      <subfield code="c">de Kues, Kardinal</subfield>
      <subfield code="d">1401-1464</subfield>
    </datafield>
    <datafield tag="400" ind1="0" ind2=" ">
      <subfield code="a">Mikuláš</subfield>
      <subfield code="c">Kusánský, Kardinal</subfield>
      <subfield code="d">1401-1464</subfield>
    </datafield>
    <datafield tag="400" ind1="0" ind2=" ">
      <subfield code="a">Nikolaj</subfield>
      <subfield code="c">iz Kuzy, Kardinal</subfield>
      <subfield code="d">1401-1464</subfield>
    </datafield>
    <datafield tag="400" ind1="1" ind2=" ">
      <subfield code="a">Cues, Nicolaus êvone͏̈</subfield>
      <subfield code="d">1401-1464</subfield>
    </datafield>
    <datafield tag="400" ind1="1" ind2=" ">
      <subfield code="a">Cues, Nikolaus êvone͏̈</subfield>
      <subfield code="d">1401-1464</subfield>
    </datafield>
    <datafield tag="400" ind1="1" ind2=" ">
      <subfield code="a">Cusa, Nicolaus êdee͏̈</subfield>
      <subfield code="d">1401-1464</subfield>
    </datafield>
    <datafield tag="400" ind1="0" ind2=" ">
      <subfield code="a">Niccolò</subfield>
      <subfield code="c">Cusano</subfield>
      <subfield code="d">1401-1464</subfield>
    </datafield>
    <datafield tag="400" ind1="0" ind2=" ">
      <subfield code="a">Nicolaus</subfield>
      <subfield code="c">Chrypffs</subfield>
      <subfield code="d">1401-1464</subfield>
    </datafield>
    <datafield tag="400" ind1="0" ind2=" ">
      <subfield code="a">Nicolaus</subfield>
      <subfield code="c">Cusanus</subfield>
      <subfield code="d">1401-1464</subfield>
    </datafield>
    <datafield tag="400" ind1="0" ind2=" ">
      <subfield code="a">Nicolaus</subfield>
      <subfield code="c">Trevirensis</subfield>
      <subfield code="d">1401-1464</subfield>
    </datafield>
    <datafield tag="400" ind1="0" ind2=" ">
      <subfield code="a">Nikolaus</subfield>
      <subfield code="c">von Cues, Kardinal</subfield>
      <subfield code="d">1401-1464</subfield>
    </datafield>
    <datafield tag="400" ind1="1" ind2=" ">
      <subfield code="a">Cusanus, Nicolaus</subfield>
      <subfield code="d">1401-1464</subfield>
    </datafield>
    <datafield tag="400" ind1="1" ind2=" ">
      <subfield code="a">Cryftz, Nicolas</subfield>
      <subfield code="d">1401-1464</subfield>
    </datafield>
    <datafield tag="400" ind1="1" ind2=" ">
      <subfield code="a">Cusanus, Nicolas</subfield>
      <subfield code="d">1401-1464</subfield>
    </datafield>
    <datafield tag="400" ind1="1" ind2=" ">
      <subfield code="a">Khrypffs, Nicolas</subfield>
      <subfield code="d">1401-1464</subfield>
    </datafield>
    <datafield tag="400" ind1="1" ind2=" ">
      <subfield code="a">Khrypffs, Nicolaus</subfield>
      <subfield code="d">1401-1464</subfield>
    </datafield>
    <datafield tag="400" ind1="1" ind2=" ">
      <subfield code="a">Koebs, Nicolas</subfield>
      <subfield code="d">1401-1464</subfield>
    </datafield>
    <datafield tag="400" ind1="1" ind2=" ">
      <subfield code="a">Krebs, Nikolaus</subfield>
      <subfield code="d">1401-1464</subfield>
    </datafield>
    <datafield tag="400" ind1="1" ind2=" ">
      <subfield code="a">Kusa, Nicolas</subfield>
      <subfield code="d">1401-1464</subfield>
    </datafield>
    <datafield tag="400" ind1="0" ind2=" ">
      <subfield code="a">Niccolò</subfield>
      <subfield code="c">da Cusa</subfield>
      <subfield code="d">1401-1464</subfield>
    </datafield>
    <datafield tag="400" ind1="0" ind2=" ">
      <subfield code="a">Nicholas</subfield>
      <subfield code="c">de Cues</subfield>
      <subfield code="d">1401-1464</subfield>
    </datafield>
    <datafield tag="400" ind1="0" ind2=" ">
      <subfield code="a">Nicholas</subfield>
      <subfield code="c">of Cusa</subfield>
      <subfield code="d">1401-1464</subfield>
    </datafield>
    <datafield tag="400" ind1="0" ind2=" ">
      <subfield code="a">Nicola</subfield>
      <subfield code="c">de Cusa</subfield>
      <subfield code="d">1401-1464</subfield>
    </datafield>
    <datafield tag="400" ind1="0" ind2=" ">
      <subfield code="a">Nicolaas</subfield>
      <subfield code="c">van Cues</subfield>
      <subfield code="d">1401-1464</subfield>
    </datafield>
    <datafield tag="400" ind1="0" ind2=" ">
      <subfield code="a">Nicolaas</subfield>
      <subfield code="c">van Cusa</subfield>
      <subfield code="d">1401-1464</subfield>
    </datafield>
    <datafield tag="400" ind1="0" ind2=" ">
      <subfield code="a">Nicolaas</subfield>
      <subfield code="c">van Kues</subfield>
      <subfield code="d">1401-1464</subfield>
    </datafield>
    <datafield tag="400" ind1="0" ind2=" ">
      <subfield code="a">Nicolas</subfield>
      <subfield code="c">de Cues</subfield>
      <subfield code="d">1401-1464</subfield>
    </datafield>
    <datafield tag="400" ind1="0" ind2=" ">
      <subfield code="a">Nicolas</subfield>
      <subfield code="c">de Cuse</subfield>
      <subfield code="d">1401-1464</subfield>
    </datafield>
    <datafield tag="400" ind1="0" ind2=" ">
      <subfield code="a">Nicolas</subfield>
      <subfield code="c">Krebs de Cusa</subfield>
      <subfield code="d">1401-1464</subfield>
    </datafield>
    <datafield tag="400" ind1="0" ind2=" ">
      <subfield code="a">Nicolaus</subfield>
      <subfield code="c">Brixiensis</subfield>
      <subfield code="d">1401-1464</subfield>
    </datafield>
    <datafield tag="400" ind1="0" ind2=" ">
      <subfield code="a">Nicolaus</subfield>
      <subfield code="c">Chrypfts</subfield>
      <subfield code="d">1401-1464</subfield>
    </datafield>
    <datafield tag="400" ind1="0" ind2=" ">
      <subfield code="a">Nicolaus</subfield>
      <subfield code="c">Chrypftz</subfield>
      <subfield code="d">1401-1464</subfield>
    </datafield>
    <datafield tag="400" ind1="0" ind2=" ">
      <subfield code="a">Nicolaus</subfield>
      <subfield code="c">Criffts</subfield>
      <subfield code="d">1401-1464</subfield>
    </datafield>
    <datafield tag="400" ind1="0" ind2=" ">
      <subfield code="a">Nicolaus</subfield>
      <subfield code="c">Cryfts</subfield>
      <subfield code="d">1401-1464</subfield>
    </datafield>
    <datafield tag="400" ind1="0" ind2=" ">
      <subfield code="a">Nicolaus</subfield>
      <subfield code="c">de Cues</subfield>
      <subfield code="d">1401-1464</subfield>
    </datafield>
    <datafield tag="400" ind1="0" ind2=" ">
      <subfield code="a">Nicolaus</subfield>
      <subfield code="c">Khryppfs</subfield>
      <subfield code="d">1401-1464</subfield>
    </datafield>
    <datafield tag="400" ind1="0" ind2=" ">
      <subfield code="a">Nicolaus</subfield>
      <subfield code="c">Krebs</subfield>
      <subfield code="d">1401-1464</subfield>
    </datafield>
    <datafield tag="400" ind1="0" ind2=" ">
      <subfield code="a">Nicolaus</subfield>
      <subfield code="c">Trevelirensis</subfield>
      <subfield code="d">1401-1464</subfield>
    </datafield>
    <datafield tag="400" ind1="0" ind2=" ">
      <subfield code="a">Nicolaus</subfield>
      <subfield code="c">Treverensis</subfield>
      <subfield code="d">1401-1464</subfield>
    </datafield>
    <datafield tag="400" ind1="0" ind2=" ">
      <subfield code="a">Nicolaus</subfield>
      <subfield code="c">von Cues</subfield>
      <subfield code="d">1401-1464</subfield>
    </datafield>
    <datafield tag="400" ind1="0" ind2=" ">
      <subfield code="a">Nicolaus</subfield>
      <subfield code="c">von Cusa</subfield>
      <subfield code="d">1401-1464</subfield>
    </datafield>
    <datafield tag="400" ind1="0" ind2=" ">
      <subfield code="a">Nikolaus</subfield>
      <subfield code="c">Brixen, Bischof</subfield>
      <subfield code="d">1401-1464</subfield>
    </datafield>
    <datafield tag="400" ind1="0" ind2=" ">
      <subfield code="a">Nikolaus</subfield>
      <subfield code="c">Krebs von Kues</subfield>
      <subfield code="d">1401-1464</subfield>
    </datafield>
    <datafield tag="400" ind1="0" ind2=" ">
      <subfield code="a">Nikolaus</subfield>
      <subfield code="c">von Cues</subfield>
      <subfield code="d">1401-1464</subfield>
    </datafield>
    <datafield tag="400" ind1="0" ind2=" ">
      <subfield code="a">Nikolaus</subfield>
      <subfield code="c">von Kusa</subfield>
      <subfield code="d">1401-1464</subfield>
    </datafield>
    <datafield tag="400" ind1="0" ind2=" ">
      <subfield code="a">Nicolaus</subfield>
      <subfield code="c">de Cusa</subfield>
      <subfield code="d">1401-1464</subfield>
    </datafield>
    <datafield tag="400" ind1="0" ind2=" ">
      <subfield code="a">Nikolaus</subfield>
      <subfield code="c">von Kues</subfield>
      <subfield code="d">1401-1464</subfield>
    </datafield>
    <datafield tag="400" ind1="1" ind2=" ">
      <subfield code="a">Cusa, Nicolai &#152;de&#156;</subfield>
      <subfield code="d">1401-1464</subfield>
    </datafield>
    <datafield tag="400" ind1="0" ind2=" ">
      <subfield code="a">Nikolaus</subfield>
      <subfield code="c">von Cusa</subfield>
      <subfield code="d">1401-1464</subfield>
    </datafield>
    <datafield tag="400" ind1="1" ind2=" ">
      <subfield code="a">Cusano, Nicola</subfield>
      <subfield code="d">1401-1464</subfield>
    </datafield>
    <datafield tag="400" ind1="1" ind2=" ">
      <subfield code="a">Krebs, Nikolaj</subfield>
      <subfield code="d">1401-1464</subfield>
    </datafield>
    <datafield tag="400" ind1="0" ind2=" ">
      <subfield code="a">Nicolaus</subfield>
      <subfield code="c">aus Kues</subfield>
      <subfield code="d">1401-1464</subfield>
    </datafield>
    <datafield tag="400" ind1="1" ind2=" ">
      <subfield code="a">Kuzanec, Nikolaj</subfield>
      <subfield code="d">1401-1464</subfield>
    </datafield>
    <datafield tag="400" ind1="1" ind2=" ">
      <subfield code="a">Kuzanskij, Nikolaj</subfield>
      <subfield code="d">1401-1464</subfield>
    </datafield>
    <datafield tag="400" ind1="0" ind2=" ">
      <subfield code="a">Nicholas</subfield>
      <subfield code="c">de Cusa</subfield>
      <subfield code="d">1401-1464</subfield>
    </datafield>
    <datafield tag="400" ind1="0" ind2=" ">
      <subfield code="a">Nicolai</subfield>
      <subfield code="c">de Cusa</subfield>
      <subfield code="d">1401-1464</subfield>
    </datafield>
    <datafield tag="400" ind1="1" ind2=" ">
      <subfield code="a">Cusa, Nicholas of</subfield>
      <subfield code="d">1401-1464</subfield>
    </datafield>
    <datafield tag="400" ind1="0" ind2=" ">
      <subfield code="a">Nicola</subfield>
      <subfield code="c">Cusano</subfield>
      <subfield code="d">1401-1464</subfield>
    </datafield>
    <datafield tag="400" ind1="0" ind2=" ">
      <subfield code="a">Nikolaj</subfield>
      <subfield code="c">Kuzanskij</subfield>
      <subfield code="d">1401-1464</subfield>
    </datafield>
    <datafield tag="400" ind1="0" ind2=" ">
      <subfield code="a">Nikola</subfield>
      <subfield code="c">Kuzanski</subfield>
      <subfield code="d">1401-1464</subfield>
    </datafield>
    <datafield tag="400" ind1="0" ind2=" ">
      <subfield code="a">Nikolaj</subfield>
      <subfield code="c">Kuzanec</subfield>
      <subfield code="d">1401-1464</subfield>
    </datafield>
    <datafield tag="400" ind1="1" ind2=" ">
      <subfield code="a">Cusano, Nicolò</subfield>
      <subfield code="d">1401-1464</subfield>
    </datafield>
    <datafield tag="400" ind1="1" ind2=" ">
      <subfield code="a">Cusa, Nikolaus &#152;von&#156;</subfield>
      <subfield code="d">1401-1464</subfield>
    </datafield>
    <datafield tag="400" ind1="1" ind2=" ">
      <subfield code="a">Cusa, Nicolaus &#152;de&#156;</subfield>
      <subfield code="d">1401-1464</subfield>
    </datafield>
    <datafield tag="400" ind1="1" ind2=" ">
      <subfield code="a">Cues, Nikolaus &#152;von&#156;</subfield>
      <subfield code="d">1401-1464</subfield>
    </datafield>
    <datafield tag="400" ind1="0" ind2=" ">
      <subfield code="a">Nicolaus (de Cusa)</subfield>
      <subfield code="d">1401-1464</subfield>
    </datafield>
    <datafield tag="400" ind1="1" ind2=" ">
      <subfield code="a">Chrypffs, Nikolaus</subfield>
      <subfield code="d">1401-1464</subfield>
    </datafield>
    <datafield tag="400" ind1="0" ind2=" ">
      <subfield code="a">Niccolò (Cusano)</subfield>
      <subfield code="d">1401-1464</subfield>
    </datafield>
    <datafield tag="400" ind1="0" ind2=" ">
      <subfield code="a">Niccolò (da Cusa)</subfield>
      <subfield code="d">1401-1464</subfield>
    </datafield>
    <datafield tag="400" ind1="0" ind2=" ">
      <subfield code="a">Nicholas (de Cues)</subfield>
      <subfield code="d">1401-1464</subfield>
    </datafield>
    <datafield tag="400" ind1="0" ind2=" ">
      <subfield code="a">Nicholas (of Cusa)</subfield>
      <subfield code="d">1401-1464</subfield>
    </datafield>
    <datafield tag="400" ind1="0" ind2=" ">
      <subfield code="a">Nicola (de Cusa)</subfield>
      <subfield code="d">1401-1464</subfield>
    </datafield>
    <datafield tag="400" ind1="0" ind2=" ">
      <subfield code="a">Nicolaas (van Cues)</subfield>
      <subfield code="d">1401-1464</subfield>
    </datafield>
    <datafield tag="400" ind1="0" ind2=" ">
      <subfield code="a">Nicolaas (van Cusa)</subfield>
      <subfield code="d">1401-1464</subfield>
    </datafield>
    <datafield tag="400" ind1="0" ind2=" ">
      <subfield code="a">Nicolaas (van Kues)</subfield>
      <subfield code="d">1401-1464</subfield>
    </datafield>
    <datafield tag="400" ind1="0" ind2=" ">
      <subfield code="a">Nicolas (de Cues)</subfield>
      <subfield code="d">1401-1464</subfield>
    </datafield>
    <datafield tag="400" ind1="0" ind2=" ">
      <subfield code="a">Nicolas (de Cusa)</subfield>
      <subfield code="d">1401-1464</subfield>
    </datafield>
    <datafield tag="400" ind1="0" ind2=" ">
      <subfield code="a">Nicolas (de Cuse)</subfield>
      <subfield code="d">1401-1464</subfield>
    </datafield>
    <datafield tag="400" ind1="0" ind2=" ">
      <subfield code="a">Nicolas (Krebs de Cusa)</subfield>
      <subfield code="d">1401-1464</subfield>
    </datafield>
    <datafield tag="400" ind1="0" ind2=" ">
      <subfield code="a">Nicolaus (Brixiensis)</subfield>
      <subfield code="d">1401-1464</subfield>
    </datafield>
    <datafield tag="400" ind1="0" ind2=" ">
      <subfield code="a">Nicolaus (Chrypffs)</subfield>
      <subfield code="d">1401-1464</subfield>
    </datafield>
    <datafield tag="400" ind1="0" ind2=" ">
      <subfield code="a">Nicolaus (Chrypfts)</subfield>
      <subfield code="d">1401-1464</subfield>
    </datafield>
    <datafield tag="400" ind1="0" ind2=" ">
      <subfield code="a">Nicolaus (Chrypftz)</subfield>
      <subfield code="d">1401-1464</subfield>
    </datafield>
    <datafield tag="400" ind1="0" ind2=" ">
      <subfield code="a">Nicolaus (Criffts)</subfield>
      <subfield code="d">1401-1464</subfield>
    </datafield>
    <datafield tag="400" ind1="0" ind2=" ">
      <subfield code="a">Nicolaus (Cryfts)</subfield>
      <subfield code="d">1401-1464</subfield>
    </datafield>
    <datafield tag="400" ind1="0" ind2=" ">
      <subfield code="a">Nicolaus (Cusanus)</subfield>
      <subfield code="d">1401-1464</subfield>
    </datafield>
    <datafield tag="400" ind1="0" ind2=" ">
      <subfield code="a">Nicolaus (de Cues)</subfield>
      <subfield code="d">1401-1464</subfield>
    </datafield>
    <datafield tag="400" ind1="0" ind2=" ">
      <subfield code="a">Nicolaus (Khryppfs)</subfield>
      <subfield code="d">1401-1464</subfield>
    </datafield>
    <datafield tag="400" ind1="0" ind2=" ">
      <subfield code="a">Nicolaus (Krebs)</subfield>
      <subfield code="d">1401-1464</subfield>
    </datafield>
    <datafield tag="400" ind1="0" ind2=" ">
      <subfield code="a">Nicolaus (Trevelirensis)</subfield>
      <subfield code="d">1401-1464</subfield>
    </datafield>
    <datafield tag="400" ind1="0" ind2=" ">
      <subfield code="a">Nicolaus (Treverensis)</subfield>
      <subfield code="d">1401-1464</subfield>
    </datafield>
    <datafield tag="400" ind1="0" ind2=" ">
      <subfield code="a">Nicolaus (Trevirensis)</subfield>
      <subfield code="d">1401-1464</subfield>
    </datafield>
    <datafield tag="400" ind1="0" ind2=" ">
      <subfield code="a">Nicolaus (von Cues)</subfield>
      <subfield code="d">1401-1464</subfield>
    </datafield>
    <datafield tag="400" ind1="1" ind2=" ">
      <subfield code="a">Nikolaus (Brixen, Bischof)</subfield>
      <subfield code="d">1401-1464</subfield>
    </datafield>
    <datafield tag="400" ind1="0" ind2=" ">
      <subfield code="a">Nikolaus (Krebs von Kues)</subfield>
      <subfield code="d">1401-1464</subfield>
    </datafield>
    <datafield tag="400" ind1="0" ind2=" ">
      <subfield code="a">Nikolaus (von Kues)</subfield>
      <subfield code="d">1401-1464</subfield>
    </datafield>
    <datafield tag="400" ind1="0" ind2=" ">
      <subfield code="a">Nikolaus (von Kusa)</subfield>
      <subfield code="d">1401-1464</subfield>
    </datafield>
    <datafield tag="400" ind1="0" ind2=" ">
      <subfield code="a">Nicolaus</subfield>
      <subfield code="c">Cunensis, Kardinal</subfield>
      <subfield code="d">1401-1464</subfield>
    </datafield>
    <datafield tag="400" ind1="0" ind2=" ">
      <subfield code="a">Nikolaus</subfield>
      <subfield code="c">Cunensis, Kardinal</subfield>
      <subfield code="d">1401-1464</subfield>
    </datafield>
    <datafield tag="500" ind1="0" ind2=" ">
      <subfield code="0">(DE-101)118897489</subfield>
      <subfield code="0">(DE-588)118897489</subfield>
      <subfield code="0">https://d-nb.info/gnd/118897489</subfield>
      <subfield code="a">Antonin</subfield>
      <subfield code="c">Florenz, Erzbischof, Heiliger</subfield>
      <subfield code="d">1389-1459</subfield>
      <subfield code="4">beza</subfield>
      <subfield code="4">https://d-nb.info/standards/elementset/gnd#acquaintanceshipOrFriendship</subfield>
      <subfield code="w">r</subfield>
      <subfield code="i">Bekanntschaft</subfield>
      <subfield code="e">Bekanntschaft</subfield>
      <subfield code="9">v:VD-16 Mitverf.</subfield>
    </datafield>
    <datafield tag="500" ind1="1" ind2=" ">
      <subfield code="0">(DE-101)118555049</subfield>
      <subfield code="0">(DE-588)118555049</subfield>
      <subfield code="0">https://d-nb.info/gnd/118555049</subfield>
      <subfield code="a">Hutten, Ulrich &#152;von&#156;</subfield>
      <subfield code="d">1488-1523</subfield>
      <subfield code="4">beza</subfield>
      <subfield code="4">https://d-nb.info/standards/elementset/gnd#acquaintanceshipOrFriendship</subfield>
      <subfield code="w">r</subfield>
      <subfield code="i">Bekanntschaft</subfield>
      <subfield code="e">Bekanntschaft</subfield>
      <subfield code="9">v:VD-16 Mitverf.</subfield>
    </datafield>
    <datafield tag="500" ind1="1" ind2=" ">
      <subfield code="0">(DE-101)174061692</subfield>
      <subfield code="0">(DE-588)174061692</subfield>
      <subfield code="0">https://d-nb.info/gnd/174061692</subfield>
      <subfield code="a">Picerni de Montearduo, Bartolomeo</subfield>
      <subfield code="d">14XX-15XX</subfield>
      <subfield code="4">beza</subfield>
      <subfield code="4">https://d-nb.info/standards/elementset/gnd#acquaintanceshipOrFriendship</subfield>
      <subfield code="w">r</subfield>
      <subfield code="i">Bekanntschaft</subfield>
      <subfield code="e">Bekanntschaft</subfield>
      <subfield code="9">v:VD-16 Mitverf.</subfield>
    </datafield>
    <datafield tag="500" ind1="1" ind2=" ">
      <subfield code="0">(DE-101)118626000</subfield>
      <subfield code="0">(DE-588)118626000</subfield>
      <subfield code="0">https://d-nb.info/gnd/118626000</subfield>
      <subfield code="a">Valla, Lorenzo</subfield>
      <subfield code="d">1407-1457</subfield>
      <subfield code="4">beza</subfield>
      <subfield code="4">https://d-nb.info/standards/elementset/gnd#acquaintanceshipOrFriendship</subfield>
      <subfield code="w">r</subfield>
      <subfield code="i">Bekanntschaft</subfield>
      <subfield code="e">Bekanntschaft</subfield>
      <subfield code="9">v:VD-16 Mitverf.</subfield>
    </datafield>
    <datafield tag="500" ind1="1" ind2=" ">
      <subfield code="0">(DE-101)118519891</subfield>
      <subfield code="0">(DE-588)118519891</subfield>
      <subfield code="0">https://d-nb.info/gnd/118519891</subfield>
      <subfield code="a">Celtis, Konrad</subfield>
      <subfield code="d">1459-1508</subfield>
      <subfield code="4">beza</subfield>
      <subfield code="4">https://d-nb.info/standards/elementset/gnd#acquaintanceshipOrFriendship</subfield>
      <subfield code="w">r</subfield>
      <subfield code="i">Bekanntschaft</subfield>
      <subfield code="e">Bekanntschaft</subfield>
      <subfield code="9">v:VD-16 Mitverf.</subfield>
    </datafield>
    <datafield tag="500" ind1="1" ind2=" ">
      <subfield code="0">(DE-101)100199399</subfield>
      <subfield code="0">(DE-588)100199399</subfield>
      <subfield code="0">https://d-nb.info/gnd/100199399</subfield>
      <subfield code="a">Maffei, Raffaele</subfield>
      <subfield code="d">1451-1522</subfield>
      <subfield code="4">beza</subfield>
      <subfield code="4">https://d-nb.info/standards/elementset/gnd#acquaintanceshipOrFriendship</subfield>
      <subfield code="w">r</subfield>
      <subfield code="i">Bekanntschaft</subfield>
      <subfield code="e">Bekanntschaft</subfield>
      <subfield code="9">v:VD-16 Mitverf.</subfield>
    </datafield>
    <datafield tag="500" ind1="1" ind2=" ">
      <subfield code="a">Pau, Jeroni</subfield>
      <subfield code="4">beza</subfield>
      <subfield code="4">https://d-nb.info/standards/elementset/gnd#acquaintanceshipOrFriendship</subfield>
      <subfield code="w">r</subfield>
      <subfield code="i">Bekanntschaft</subfield>
      <subfield code="e">Bekanntschaft</subfield>
      <subfield code="9">v:VD-16 Mitverf.</subfield>
    </datafield>
    <datafield tag="500" ind1="1" ind2=" ">
      <subfield code="0">(DE-101)124875130</subfield>
      <subfield code="0">(DE-588)124875130</subfield>
      <subfield code="0">https://d-nb.info/gnd/124875130</subfield>
      <subfield code="a">Petri, Heinrich</subfield>
      <subfield code="d">1508-1579</subfield>
      <subfield code="4">beza</subfield>
      <subfield code="4">https://d-nb.info/standards/elementset/gnd#acquaintanceshipOrFriendship</subfield>
      <subfield code="w">r</subfield>
      <subfield code="i">Bekanntschaft</subfield>
      <subfield code="e">Bekanntschaft</subfield>
      <subfield code="9">v:Basel; VD-16 Mitverf.</subfield>
    </datafield>
    <datafield tag="548" ind1=" " ind2=" ">
      <subfield code="a">1401-1464</subfield>
      <subfield code="4">datl</subfield>
      <subfield code="4">https://d-nb.info/standards/elementset/gnd#dateOfBirthAndDeath</subfield>
      <subfield code="w">r</subfield>
      <subfield code="i">Lebensdaten</subfield>
    </datafield>
    <datafield tag="548" ind1=" " ind2=" ">
      <subfield code="a">XX.XX.1401-11.08.1464</subfield>
      <subfield code="4">datx</subfield>
      <subfield code="4">https://d-nb.info/standards/elementset/gnd#dateOfBirthAndDeath</subfield>
      <subfield code="w">r</subfield>
      <subfield code="i">Exakte Lebensdaten</subfield>
    </datafield>
    <datafield tag="550" ind1=" " ind2=" ">
      <subfield code="0">(DE-101)04030020X</subfield>
      <subfield code="0">(DE-588)4030020-1</subfield>
      <subfield code="0">https://d-nb.info/gnd/4030020-1</subfield>
      <subfield code="a">Katholischer Theologe</subfield>
      <subfield code="4">berc</subfield>
      <subfield code="4">https://d-nb.info/standards/elementset/gnd#professionOrOccupation</subfield>
      <subfield code="w">r</subfield>
      <subfield code="i">Charakteristischer Beruf</subfield>
    </datafield>
    <datafield tag="550" ind1=" " ind2=" ">
      <subfield code="0">(DE-101)040069494</subfield>
      <subfield code="0">(DE-588)4006949-7</subfield>
      <subfield code="0">https://d-nb.info/gnd/4006949-7</subfield>
      <subfield code="a">Bischof</subfield>
      <subfield code="4">beru</subfield>
      <subfield code="4">https://d-nb.info/standards/elementset/gnd#professionOrOccupation</subfield>
      <subfield code="w">r</subfield>
      <subfield code="i">Beruf</subfield>
    </datafield>
    <datafield tag="550" ind1=" " ind2=" ">
      <subfield code="0">(DE-101)040457907</subfield>
      <subfield code="0">(DE-588)4045790-4</subfield>
      <subfield code="0">https://d-nb.info/gnd/4045790-4</subfield>
      <subfield code="a">Philosoph</subfield>
      <subfield code="4">beru</subfield>
      <subfield code="4">https://d-nb.info/standards/elementset/gnd#professionOrOccupation</subfield>
      <subfield code="w">r</subfield>
      <subfield code="i">Beruf</subfield>
    </datafield>
    <datafield tag="550" ind1=" " ind2=" ">
      <subfield code="0">(DE-101)04163313X</subfield>
      <subfield code="0">(DE-588)4163313-1</subfield>
      <subfield code="0">https://d-nb.info/gnd/4163313-1</subfield>
      <subfield code="a">Kardinal</subfield>
      <subfield code="4">obin</subfield>
      <subfield code="4">https://d-nb.info/standards/elementset/gnd#broaderTermInstantial</subfield>
      <subfield code="w">r</subfield>
      <subfield code="i">Oberbegriff instantiell</subfield>
    </datafield>
    <datafield tag="551" ind1=" " ind2=" ">
      <subfield code="0">(DE-101)040738582</subfield>
      <subfield code="0">(DE-588)4073858-9</subfield>
      <subfield code="0">https://d-nb.info/gnd/4073858-9</subfield>
      <subfield code="a">Kues</subfield>
      <subfield code="4">ortg</subfield>
      <subfield code="4">https://d-nb.info/standards/elementset/gnd#placeOfBirth</subfield>
      <subfield code="w">r</subfield>
      <subfield code="i">Geburtsort</subfield>
    </datafield>
    <datafield tag="551" ind1=" " ind2=" ">
      <subfield code="0">(DE-101)041196376</subfield>
      <subfield code="0">(DE-588)4119637-5</subfield>
      <subfield code="0">https://d-nb.info/gnd/4119637-5</subfield>
      <subfield code="a">Todi</subfield>
      <subfield code="4">orts</subfield>
      <subfield code="4">https://d-nb.info/standards/elementset/gnd#placeOfDeath</subfield>
      <subfield code="w">r</subfield>
      <subfield code="i">Sterbeort</subfield>
    </datafield>
    <datafield tag="667" ind1=" " ind2=" ">
      <subfield code="a">rda</subfield>
    </datafield>
    <datafield tag="667" ind1=" " ind2=" ">
      <subfield code="a">NDSBIO</subfield>
    </datafield>
    <datafield tag="667" ind1=" " ind2=" ">
      <subfield code="a">12-PMA</subfield>
    </datafield>
    <datafield tag="667" ind1=" " ind2=" ">
      <subfield code="a">12</subfield>
    </datafield>
    <datafield tag="667" ind1=" " ind2=" ">
      <subfield code="a">7</subfield>
    </datafield>
    <datafield tag="667" ind1=" " ind2=" ">
      <subfield code="a">VD-17</subfield>
    </datafield>
    <datafield tag="667" ind1=" " ind2=" ">
      <subfield code="a">VD-16</subfield>
    </datafield>
    <datafield tag="667" ind1=" " ind2=" ">
      <subfield code="a">Pacelli-Edition</subfield>
    </datafield>
    <datafield tag="670" ind1=" " ind2=" ">
      <subfield code="a">B Wissen</subfield>
    </datafield>
    <datafield tag="670" ind1=" " ind2=" ">
      <subfield code="a">Wikipedia</subfield>
    </datafield>
    <datafield tag="670" ind1=" " ind2=" ">
      <subfield code="a">Lex. MA,VI,1181/84</subfield>
    </datafield>
    <datafield tag="670" ind1=" " ind2=" ">
      <subfield code="a">Tusculum-Lexikon</subfield>
    </datafield>
    <datafield tag="670" ind1=" " ind2=" ">
      <subfield code="a">LThK</subfield>
    </datafield>
    <datafield tag="670" ind1=" " ind2=" ">
      <subfield code="a">M, B 1986</subfield>
    </datafield>
    <datafield tag="670" ind1=" " ind2=" ">
      <subfield code="a">PND</subfield>
    </datafield>
    <datafield tag="670" ind1=" " ind2=" ">
      <subfield code="a">Homepage</subfield>
      <subfield code="b">Stand: 17.04.2020</subfield>
      <subfield code="u">http://www.pacelli-edition.de/Biographie/230</subfield>
    </datafield>
    <datafield tag="672" ind1=" " ind2="0">
      <subfield code="a">Nicolaus &lt;aus Kues&gt;: D.NICOLAI DE CVSA CARDInalis,vtriusque Iuris Doctoris,in omniqúe Philosophia ... 1565. (VD16 N 1545)</subfield>
    </datafield>
    <datafield tag="672" ind1=" " ind2="0">
      <subfield code="a">Nicolaus &lt;aus Kues&gt;: Donatio Constantini. 1520. (VD16 ZV 4645)</subfield>
    </datafield>
    <datafield tag="672" ind1=" " ind2="0">
      <subfield code="a">Nicolaus &lt;aus Kues&gt;: Donatio Constantini. 1520. (VD16 ZV 4646)</subfield>
    </datafield>
    <datafield tag="672" ind1=" " ind2="0">
      <subfield code="a">Nicolaus &lt;aus Kues&gt;: PROPOSITIONES DOMINI CARDINALIS NICOLAI CVSE DE LI NON ALIVD . 1501. (VD16 N 1550)</subfield>
    </datafield>
    <datafield tag="672" ind1=" " ind2="0">
      <subfield code="a">Nicolaus &lt;aus Kues&gt;: PROPOSITIONES DOMINI CARDINALIS NICOLAI CVSE DE LI NON ALIVD.. 1556. (VD16 N 1551)</subfield>
    </datafield>
    <datafield tag="678" ind1=" " ind2=" ">
      <subfield code="b">Dt. Theologe; Philosoph; Mathematiker; Humanist; Kardinal; Universalgelehrter</subfield>
    </datafield>
    <datafield tag="913" ind1=" " ind2=" ">
      <subfield code="S">pnd</subfield>
      <subfield code="i">5</subfield>
      <subfield code="a">Nicolaus &lt;de Cusa&gt;</subfield>
      <subfield code="0">(DE-588a)118588095</subfield>
    </datafield>
    <datafield tag="913" ind1=" " ind2=" ">
      <subfield code="S">pnd</subfield>
      <subfield code="i">5</subfield>
      <subfield code="a">Nikolaus &lt;von Kues&gt;</subfield>
      <subfield code="0">(DE-588a)118588095</subfield>
    </datafield>
    <datafield tag="913" ind1=" " ind2=" ">
      <subfield code="S">pnd</subfield>
      <subfield code="i">5</subfield>
      <subfield code="a">Nikolaus Von Kues</subfield>
      <subfield code="0">(DE-588a)183338707</subfield>
    </datafield>
    <datafield tag="913" ind1=" " ind2=" ">
      <subfield code="S">pnd</subfield>
      <subfield code="i">a</subfield>
      <subfield code="a">Kues, Nikolaus /von</subfield>
      <subfield code="0">(DE-588a)187198314</subfield>
    </datafield>
    <datafield tag="913" ind1=" " ind2=" ">
      <subfield code="S">pnd</subfield>
      <subfield code="i">5</subfield>
      <subfield code="a">Nicolaus &lt;De Cusa&gt;</subfield>
      <subfield code="0">(DE-588a)18587634X</subfield>
    </datafield>
  </record>
